@misc{three.js-documentation, title={three.js docs}, url={https://threejs.org/docs/#api/en/geometries/SphereGeometry}, journal={three.js documentation}, note = {[Cit. 26.3.2019]}}
@misc{heremaps_2018, title={heremaps/pptk}, url={https://github.com/heremaps/pptk}, journal={GitHub}, author={Heremaps}, year={2018}, month={Oct}}
@misc{velodyne_lidar, title={Velodyne LiDAR PUCK}, url={https://www.amtechs.co.jp/product/VLP-16-Puck.pdf}, journal={Velodyne LiDAR PUCK}, author={Velodyne Lidar}}
@misc{react, title={React A JavaScript library for building user interfaces}, url={https://reactjs.org/}, journal={A JavaScript library for building user interfaces}}
@misc{oyom_oyom_2017, title={Understanding the MVC pattern in Django}, url={https://medium.com/shecodeafrica/understanding-the-mvc-pattern-in-django-edda05b9f43f}, journal={Medium}, publisher={She Code Africa}, author={Oyom, Ada Nduka and Oyom, Ada Nduka}, year={2017}, month={Jul}}
@misc{npm-documentation, title={About npm}, url={https://docs.npmjs.com/about-npm/}, journal={About npm | npm Documentation}}
@misc{packet, title={63-9276 Rev B VLP-16 Application Note - Packet Structure \& Timing Definition}, url={https://velodynelidar.com/docs/notes/63-9276%20Rev%20A%20VLP-16%20Application%20Note%20-%20Packet%20Structure%20%20Timing%20Definition_Locked.pdf}, journal={63-9276 Rev B VLP-16 Application Note - Packet Structure \& Timing Definition}, publisher={Velodyne Lidar}}
@misc{miller_2019, title={WTF is JSX}, url={https://jasonformat.com/wtf-is-jsx/}, journal={JASON Format}, publisher={JASON Format}, author={Miller, Jason}, year={2019}, month={Feb}}
@misc{a-frame, title={HTML \& Primitives – A-Frame}, url={https://aframe.io/docs/0.9.0/introduction/html-and-primitives.html#sidebar}, journal={A-Frame}}
@misc{django, title={URL dispatcher}, url={https://docs.djangoproject.com/en/2.2/topics/http/urls/}, journal={Django}}
@misc{shearer12345_splashpage, title={Lincoln Lectures On Graphics - 09}, url={https://shearer12345.github.io/graphics/lincolnLecture09.html#/perspective-projection-diagram}, journal={Shearer12345 splashpage}}
@misc{acarlon, title={Bark of the byte}, url={http://barkofthebyte.azurewebsites.net/post/2014/05/05/three-js-projecting-mouse-clicks-to-a-3d-scene-how-to-do-it-and-how-it-works}, journal={Three.js projecting mouse clicks to a 3D scene - how to do it and how it works}, author={Acarlon}}
@misc{learnwebgl, title={8.3 - Perspective Projections}, url={http://learnwebgl.brown37.net/08_projections/projections_perspective.html}, journal={LearnWebGL}}
@book{sojka_2003, place={Ostrava}, title={Pocítacová grafika II: pruvodce studiem}, url={http//mrl.cs.vsb.cz//people/sojka/pg/pocitacova_grafikaII.pdf}, publisher={Vysoka skola banska - Technicka univerzita, Fakulta elektrotechniky a informatiky}, author={Sojka, Eduard}, year={2003}}
@misc{gupta, title={HTML Web Component using Plain JavaScript}, url={https://www.codementor.io/ayushgupta/vanilla-js-web-components-chguq8goz}, journal={Codementor}, author={Gupta, Ayush}}
@misc{gttingkgrss, title={Gotting KG}, url={https://www.goetting-agv.com/components/vlp-16-puck}, journal={Gtting KG RSS}}
@misc{higgins_2018, title={Velodyne cuts VLP-16 lidar price to \$4k}, url={https://www.spar3d.com/news/lidar/velodyne-cuts-vlp-16-lidar-price-4k/}, journal={SPAR 3D}, author={Higgins, Sean}, year={2018}, month={Jan}}
@misc{velodyne_laser_control_window, url={http://www.hypack.com/File Library/Resource Library/Technical Notes/01_2018/Velodyne-Laser-Control-Window-in-HYSWEEP-Survey.pdf}, journal={Velodyne Laser Control Window in HYSWEEP SURVEY}}
@misc{scratchapixel_2014, url={https://www.scratchapixel.com/lessons/3d-basic-rendering/rendering-3d-scene-overview/perspective-projection}, journal={Rendering an Image of a 3D Scene: an Overview (Perspective Projection)}, author={Scratchapixel}, year={2014}, month={Nov}}
@misc{scratchapixel_20141, url={https://www.scratchapixel.com/lessons/3d-basic-rendering/rendering-3d-scene-overview/visibility-problem}, journal={Rendering an Image of a 3D Scene: an Overview (The Visibility Problem)}, author={Scratchapixel}, year={2014}, month={Nov}}






